12101234560789½×ËÞ                                    02250009ÐÂ²½ÐÄÓ        825±¶»¶           19876543                 
8000000000000000000                                                                                                     
9                                                                                                                       